:20:MT940 
:25: /PL29105010381000002201994791 
:28C:00129 
:60F:C030122PLN100,00 
:61:0301220122D1,20S07697201080012 
:86:076 
:86:076~00COCGPRZELEW 
~20FAKTURA 17/F/03 
~21FAKTURA 18/F/03 
~23~24 
~25 
~2919114020040000350230599137~3011402004 
~310000350230599137~32NAZWA KONTRAHENTA 
~33 
~34076 
~38PL19114020040000350230599137 
~62ULICA KONTRAHENTA 
~63MIEJSCOWOSC KONTRAHENTA 
:62F:C030122PLN98,80 
:64:C030122PLN98,80 
:86:NAME ACCOUNT OWNER:JAN KOWALSKI 
ACCOUNT DESCRIPTION: CURRENT ACCOUNT